<record><leader>00000cas a22000007a 4500</leader><controlfield tag="001">9729348</controlfield><controlfield tag="008">830722d18391840miuwr ne      0    0eng  </controlfield><datafield ind1=" " ind2=" " tag="010"><subfield code="a">sn 83016358 </subfield></datafield><datafield ind1=" " ind2=" " tag="040"><subfield code="a">DLC</subfield><subfield code="b">eng</subfield><subfield code="c">DLC</subfield><subfield code="d">NPX</subfield><subfield code="d">NPY</subfield><subfield code="d">OCLCQ</subfield></datafield><datafield ind1=" " ind2=" " tag="042"><subfield code="a">msc</subfield></datafield><datafield ind1="0" ind2="0" tag="050"><subfield code="a">Newspaper 8401-X</subfield></datafield><datafield ind1="0" ind2="0" tag="245"><subfield code="a">Lapeer sentinel.</subfield></datafield><datafield ind1=" " ind2=" " tag="260"><subfield code="a">Lapeer, Mich. :</subfield><subfield code="b">[s.n.]</subfield></datafield><datafield ind1=" " ind2=" " tag="300"><subfield code="a">v. ;</subfield><subfield code="c">68 cm.</subfield></datafield><datafield ind1=" " ind2=" " tag="310"><subfield code="a">Weekly</subfield></datafield><datafield ind1="1" ind2=" " tag="362"><subfield code="a">Began in Nov. 1839; ceased in 1840?</subfield><subfield code="z">Cf. Gregory, W. Amer. newspapers.</subfield></datafield><datafield ind1=" " ind2=" " tag="500"><subfield code="a">Editors: H.W. Williams, &lt;1840&gt;; H.W. Williams, William M. Knowlton, 1840.</subfield></datafield><datafield ind1=" " ind2=" " tag="500"><subfield code="a">Whig. Cf. McMurtrie, D.C. Early print. in Mich.</subfield></datafield><datafield ind1=" " ind2=" " tag="588"><subfield code="a">Description based on: Vol. 1, no. 1 (Mar. 10, 1840) = whole no. 18.</subfield></datafield><datafield ind1=" " ind2=" " tag="752"><subfield code="a">United States</subfield><subfield code="b">Michigan</subfield><subfield code="c">Lapeer</subfield><subfield code="d">Lapeer.</subfield></datafield></record>